@inproceedings{MKGGB2018,
  author    = {Stanislav Malyshev and Markus Kr{\"{o}}tzsch and Larry
               Gonz{\'{a}}lez and Julius Gonsior and Adrian Bielefeldt},
  title     = {Getting the Most out of Wikidata: Semantic Technology Usage in
               Wikipediaâ€™s Knowledge Graph},
  editor    = {Denny Vrande{\v{c}}i{\'{c}} and Kalina Bontcheva and Mari Carmen
               Su{\'{a}}rez-Figueroa and Valentina Presutti and Irene Celino and
               Marta Sabou and Lucie-Aim{\'{e}}e Kaffee and Elena Simperl},
  booktitle = {Proceedings of the 17th International Semantic Web Conference
               (ISWC'18)},
  series    = {LNCS},
  volume    = {11137},
  publisher = {Springer},
  year      = {2018},
  pages     = {376-394}
}


@InProceedings{SearchPastPWA2013,
	author = {Daniel Gomes and David Cruz and Jo{\~a}o Miranda and Miguel Costa and Sim{\~a}o Fontes},
	title = {Search the Past with the Portuguese Web Archive},
	url = {https://sobre.arquivo.pt/about-the-archive/search-the-past-with-the-portuguese-web-archive},
        booktitle = {22nd International World Wide Web Conference},
        year = {2013},
        address = {Rio de Janeiro, Brasil},
        month = {May},
        day = {13--17}
}
